@book{patterson2000estructura,
  title={Estructura y dise{\~n}o de computadores},
  author={Patterson, David A and Hennessy, John L},
  volume={1},
  year={2000},
  publisher={Revert{\'e}}
}
<iframe width="560" height="315" src="https://www.youtube.com/embed/oYxE3L-6-a8" frameborder="0" allow="accelerometer; autoplay; encrypted-media; gyroscope; picture-in-picture" allowfullscreen></iframe>

